
@article{shor,

author={Shor,P. W.},

editor={ },

year={1994},

title={Algorithms for quantum computation: discrete logarithms and factoring},

journal={IEEE Comput. Soc. Press},

volume={ },

number={ },

pages={124},


language={English},

}

@article{Grover,

author={Grover,Lov K.},

year={1997},

title={Quantum Mechanics Helps in Searching for a Needle in a Haystack},

journal={Physical Review Letters},

volume={79},

number={2},

pages={325},

isbn={0031-9007},

language={English},

}

@article{berry,

author={Berry,Michael V.},

year={1984},

title={Quantal phase factors accompanying adiabatic changes},

journal={Proceedings of the Royal Society of London. Series A, Mathematical and Physical Sciences},

volume={392},

number={1802},

pages={45},

isbn={0080-4630},

language={English},

}

@article{zee,

author={Wilczek,F. and Zee,A.},

year={1984},

title={Appearance of gauge structure in simple dynamical systems},

journal={Physical Review Letters},

volume={52},

number={24},

pages={2111},

isbn={0031-9007},

language={English},

}

@article{anandan1,

author={Aharonov,Y. and Anandan,J.},

year={1987},

title={Phase change during a cyclic quantum evolution},

journal={Physical Review Letters},

volume={58},

number={16},

pages={1593},

isbn={0031-9007},

language={English},

}

@article{anandan2,

author={Anandan,J.},

year={1988},

title={Non-adiabatic non-abelian geometric phase},

journal={Physics Letters. A},

volume={133},

number={4},

pages={171},

isbn={0375-9601},

language={English},

}

@article{HQC,

author={Zanardi,Paolo and Rasetti,Mario},

year={1999},

title={Holonomic quantum computation},

journal={Physics Letters. A},

volume={264},

number={2},

pages={94},

isbn={0375-9601},

language={English},

}

@article{NHQC,

author={Sjöqvist,Erik and Tong,D. M. and Mauritz Andersson,L. and Hessmo,Björn and Johansson,Markus and Singh,Kuldip},

year={2012},

title={Non-adiabatic holonomic quantum computation},

journal={New Journal of Physics},

volume={14},

number={10},

pages={103035},

isbn={1367-2630},

language={English},

}

@article{qudit,

author={Wang,Yuchen and Hu,Zixuan and Sanders,Barry C. and Kais,Sabre},

year={2020},

title={Qudits and High-Dimensional Quantum Computing},

journal={Frontiers in Physics},

volume={8},

pages = {589504},

isbn={2296-424X},

language={English},

}

@article{pp,

author={Liu,Bao-Jie and Song,Xue-Ke and Xue,Zheng-Yuan and Wang,Xin and Yung,Man-Hong},

year={2019},

title={Plug-and-Play Approach to Nonadiabatic Geometric Quantum Gates},

journal={Physical Review Letters},

volume={123},

number={10},

isbn={0031-9007},

language={English},

}

@article{superFHQC,

author={Li,Sai and Chen,Tao and Xue,Zheng‐Yuan},

year={2020},

title={Fast Holonomic Quantum Computation on Superconducting Circuits With Optimal Control},

journal={Advanced quantum technologies},

volume={3},

number={3},

pages={2000001},

keywords={optimal control; superconducting circuits; geometric quantum computation},

isbn={2511-9044},

language={English},

}

@article{morris,

author={Morris,James R. and Shore,Bruce W.},

year={1983},

title={Reduction of degenerate two-level excitation to independent two-state systems},

journal={Physical Review. A, General physics},

volume={27},

number={2},

pages={906},

isbn={0556-2791},

language={English},

}

@article{kyoseva2006,

author={Kyoseva,E. S. and Vitanov,N. V.},

year={2006},

title={Coherent pulsed excitation of degenerate multistate systems: Exact analytic solutions},

journal={Physical Review. A, Atomic, Molecular, and Optical Physics},

volume={73},

number={2},

isbn={1050-2947},

language={English},

}

@article{sLoop,

author={Herterich,Emmi and Sjöqvist,Erik},

year={2016},

title={Single-loop multiple-pulse nonadiabatic holonomic quantum gates},

journal={Physical review. A},

volume={94},

number={5},

pages = {052310},

isbn={2469-9926;1094-1622;1050-2947;},

language={English},

}

@article{qutrit1,

author={Li,Bin and Yu,Zu-Huan and Fei,Shao-Ming},

year={2013},

title={Geometry of quantum computation with qutrits},

journal={Scientific Reports},

volume={3},

number={1},

pages={2594},

isbn={2045-2322},

language={English},

}

@article{qudit2,

author={Lu,Hsuan‐Hao and Hu,Zixuan and Alshaykh,Mohammed S. and Moore,Alexandria J. and Wang,Yuchen and Imany,Poolad and Weiner,Andrew M. and Kais,Sabre},

year={2020},

title={Quantum Phase Estimation with Time‐Frequency Qudits in a Single Photon},

journal={Advanced quantum technologies},

volume={3},

number={2},

pages={1900074},

isbn={2511-9044},

language={English},

}

@article{qudit3,
author={Luo,MingXing and Wang,XiaoJun},

year={2014},

title={Universal quantum computation with qudits},

journal={Science China. Physics, Mechanics \& Astronomy},

volume={57},

number={9},

pages={1712},

isbn={1674-7348},

language={English},

}

@misc{darkpath,
title={Experimental Realization of Nonadiabatic Holonomic Single-Qubit Quantum Gates with Two Dark Paths in a Trapped Ion}, 

author={Ming-Zhong Ai and Sai Li and Ran He and Zheng-Yuan Xue and Jin-Ming Cui and Yun-Feng Huang and Chuan-Feng Li and Guang-Can Guo},

year={2021},

eprint={2101.07483},

archivePrefix={arXiv},

primaryClass={quant-ph}
}

@article{lambda,

author={Shkolnikov,V. O. and Burkard,Guido},

year={2020},

title={Effective Hamiltonian theory of the geometric evolution of quantum systems},

journal={Physical Review. A},

volume={101},

number={4},

isbn={2469-9926},

language={English},

}

@article{info_qudit,

author={Pavlidis,Archimedes and Floratos,Emmanuel},

year={2021},

title={Quantum-Fourier-transform-based quantum arithmetic with qudits},

journal={Physical Review. A},

volume={103},

number={3},

isbn={2469-9926},

language={English},

}

@inbook{setun,

author={Brusentsov,Nikolay P. and Ramil Alvarez,José},

year={2011},

title={Ternary Computers: The Setun and the Setun 70},

publisher={Springer Berlin Heidelberg},

address={Berlin, Heidelberg},

volume={357},

pages={74},

isbn={1868-4238},

language={English},

}

@article{tricalc,

author={Glusker,M. and Hogan,D. M. and Vass,P.},

year={2005},

title={The ternary calculating machine of Thomas Fowler},

journal={IEEE Annals of the History of Computing},

volume={27},

number={3},

pages={4},

isbn={1058-6180},

language={English},

}

@book{Sakurai,
      author        = "Sakurai, Jun John and Napolitano, Jim",
      title         = "{Modern quantum mechanics; 2nd ed.}",
      publisher     = "Addison-Wesley",
      address       = "San Francisco, CA",
      year          = "2011",
      url           = "https://cds.cern.ch/record/1341875",
}

@book{Nielsen,
author = {Nielsen, Michael A. and Chuang, Isaac L.},
title = {Quantum Computation and Quantum Information: 10th Anniversary Edition},
year = {2011},
isbn = {1107002176},
publisher = {Cambridge University Press},
address = {USA},
edition = {10th},
}

@article{adiabatensatz,

author={Born,M. and Fock,V.},

year={1928},

title={Beweis des Adiabatensatzes},

journal={The European Physical Journal. A, Hadrons and Nuclei},

volume={51},

number={3-4},

pages={165},

isbn={0044-3328},

language={German},

}

@article{AHQC,

author={Duan,L. and Cirac,J. I. and Zoller,P.},

year={2001},

title={Geometric Manipulation of Trapped Ions for Quantum Computation},

journal={Science (American Association for the Advancement of Science)},

volume={292},

number={5522},

pages={1695},

isbn={0036-8075},

language={English},

}

@article{magic-muller,

author={Campbell,Earl T. and Anwar,Hussain and Browne,Dan E.},

year={2012},

title={Magic-State Distillation in All Prime Dimensions Using Quantum Reed-Muller Codes},

journal={Physical Review. X},

volume={2},

number={4},

pages={041021},

isbn={2160-3308},

language={English},

}


@article{8gate,

author={Howard,Mark and Vala,Jiri},

year={2012},

title={Qudit versions of the qubit  gate},

journal={Physical Review. A, Atomic, Molecular, and Optical Physics},

volume={86},

number={2},

isbn={1050-2947},

language={English},

}

@article{BDF,

author={Shampine,Lawrence F. and Reichelt,Mark W.},

year={1997},

title={The MATLAB ODE Suite},

journal={SIAM journal on scientific computing},

volume={18},

number={1},

pages={1-22},

isbn={1064-8275},

language={English},

}